%% This BibTeX bibliography file was created using BibDesk.
%% http://bibdesk.sourceforge.net/

%% Created for Jérémy Dubut at 2017-06-28 14:11:05 +0200 


%% Saved with string encoding Unicode (UTF-8) 



@misc{nlabhh,
	Author = {nLab},
	Date-Added = {2017-06-28 12:07:11 +0000},
	Date-Modified = {2017-06-28 12:11:05 +0000},
	Howpublished = {https://ncatlab.org/nlab/show/homotopy+hypothesis},
	Title = {homotopy hypothesis},
	Year = {2017}}

@unpublished{joyal08b,
	Author = {Andr\'e Joyal and Myles Tierney},
	Date-Added = {2017-04-19 13:31:04 +0000},
	Date-Modified = {2017-04-19 13:32:07 +0000},
	Note = {Lecture notes},
	Title = {Notes on simplicial homotopy theory},
	Year = {2008}}

@misc{redhom,
	Author = {Piotr Brendel and Pawe\l{} D\l{}otko and Grzegorz Jab\l{}o\'nski and Mateusz Juda and Andrzej Krajniak and Marian Mrozek and Hubert Wagner and Przemys\l{}aw Witek and Natalia Zelazna},
	Date-Added = {2017-04-17 14:36:58 +0000},
	Date-Modified = {2017-04-17 14:51:20 +0000},
	Howpublished = {\url{http://capd.sourceforge.net/capdRedHom/people.php}},
	Title = {RedHom}}

@misc{chomp,
	Author = {John H. Palmieri},
	Date-Added = {2017-04-17 14:33:03 +0000},
	Date-Modified = {2017-04-17 14:39:03 +0000},
	Howpublished = {\url{http://doc.sagemath.org/html/en/reference/homology/sage/interfaces/chomp.html}},
	Title = {CHomP}}

@article{zomorodian05,
	Author = {Afra Zomorodian and Gunnar Carlsson},
	Date-Added = {2017-04-17 14:30:43 +0000},
	Date-Modified = {2017-04-17 14:31:59 +0000},
	Journal = {Discrete and Computational Geometry},
	Month = {February},
	Number = {2},
	Pages = {249-274},
	Title = {Computing Persistent Homology},
	Volume = {33},
	Year = {2005}}

@article{ziemianski17,
	Author = {Krzysztof Ziemia\'nski},
	Date-Added = {2017-04-17 14:24:03 +0000},
	Date-Modified = {2017-04-17 14:25:10 +0000},
	Journal = {Applicable Algebra in Engineering, Communication and Computing},
	Title = {Spaces of directed paths on pre-cubical sets},
	Year = {2017}}

@book{tarski51,
	Author = {Alfred Tarski},
	Date-Added = {2017-04-16 19:47:44 +0000},
	Date-Modified = {2017-04-16 19:47:44 +0000},
	Publisher = {University of California Press},
	Title = {A Decision Method for Elementary Algebra and Geometry},
	Year = {1951}}

@article{benor86,
	Author = {Michael Ben-Or and Dexter Kozen and John Reif},
	Date-Added = {2017-04-16 19:47:38 +0000},
	Date-Modified = {2017-04-16 19:47:38 +0000},
	Journal = {Journal of Computer and System Sciences},
	Pages = {251-264},
	Title = {The Complexity of Elementary Algebra and Geometry},
	Volume = {32},
	Year = {1986}}

@misc{alcool,
	Author = {Emmanuel Haucourt},
	Date-Added = {2017-04-14 10:02:37 +0000},
	Date-Modified = {2017-04-17 14:38:37 +0000},
	Howpublished = {\url{http://www.lix.polytechnique.fr/Labo/Emmanuel.Haucourt/programmation.html}},
	Title = {ALCOOL}}

@book{may99,
	Author = {J. P. May},
	Date-Added = {2017-04-13 13:47:57 +0000},
	Date-Modified = {2017-04-13 13:47:57 +0000},
	Publisher = {University of Chicago Press},
	Series = {Chicago Lectures in Mathematics},
	Title = {A {C}oncise {C}ourse in {A}lgebraic {T}opology},
	Year = {1999}}

@inproceedings{winskel84,
	Author = {G. Winskel},
	Booktitle = {{STACS} 84, Symposium of Theoretical Aspects of Computer Science, Paris, France, 11-13 April, 1984, Proceedings},
	Date-Added = {2017-04-13 13:47:11 +0000},
	Date-Modified = {2017-04-13 13:47:11 +0000},
	Pages = {140--150},
	Title = {A {N}ew {D}efinition of {M}orphism on {P}etri {N}ets},
	Year = {1984}}

@book{borceux94b,
	Author = {Francis Borceux},
	Date-Added = {2017-04-13 13:43:56 +0000},
	Date-Modified = {2017-04-13 13:45:54 +0000},
	Publisher = {Cambridge University Press},
	Title = {Handbook of Categrical Algebra 2: Categories and Structures},
	Year = {1994}}

@article{joyal94,
	Author = {Andr\'e Joyal and Ieke Moerdijk},
	Date-Added = {2017-04-13 13:41:22 +0000},
	Date-Modified = {2017-04-13 13:43:02 +0000},
	Journal = {Annals of Pure and Applied Logic},
	Month = {November},
	Number = {1},
	Pages = {51-86},
	Title = {A completeness theorem for open maps},
	Volume = {70},
	Year = {1994}}

@book{makkai89,
	Author = {Michael Makkai and Robert Par{\'e}},
	Date-Added = {2017-04-13 13:37:09 +0000},
	Date-Modified = {2017-04-13 13:40:05 +0000},
	Publisher = {American Mathematical Society},
	Series = {Contemporary Mathematics},
	Title = {Accessible Categories: The Foundations of Categorical Model Theory},
	Volume = {104},
	Year = {1989}}

@article{park81,
	Author = {Daniel Park},
	Date-Added = {2017-04-13 13:33:34 +0000},
	Date-Modified = {2017-04-13 13:35:04 +0000},
	Journal = {Lecture Notes in Computer Science},
	Pages = {167-183},
	Title = {Concurrency and Automata on Infinite Sequences},
	Volume = {154},
	Year = {1981}}

@article{vanglabbeek01,
	Author = {Robert J. van Glabbeek and Ursula Goltz},
	Date-Added = {2017-04-12 09:20:58 +0000},
	Date-Modified = {2017-04-12 09:22:18 +0000},
	Journal = {Acta Informatica},
	Pages = {229-327},
	Title = {Refinement of actions and equivalence notions for concurrent systems},
	Volume = {37},
	Year = {2001}}

@phdthesis{vanglabbeek90,
	Author = {Robert J. van Glabbeek},
	Date-Added = {2017-03-27 14:08:54 +0000},
	Date-Modified = {2017-03-27 14:10:28 +0000},
	Month = {May},
	School = {Centrum voor Wiskunder en Informatica},
	Title = {Comparative Concurrency Semantics and Refinement of Actions},
	Type = {PhD thesis},
	Year = {1990}}

@inproceedings{canny88,
	Author = {John Canny},
	Booktitle = {Proceedings of the twentieth annual ACM symposium on Theory of computing ({STOC})},
	Date-Added = {2017-03-27 13:31:18 +0000},
	Date-Modified = {2017-03-27 13:33:16 +0000},
	Pages = {460-467},
	Title = {Some algebraic and geometric computations in PSPACE},
	Year = {1988}}

@book{johnstone02,
	Author = {Peter T. Johnstone},
	Date-Added = {2017-03-27 13:24:00 +0000},
	Date-Modified = {2017-03-27 13:26:14 +0000},
	Publisher = {Oxford {U}niversity {P}ress},
	Title = {Sketches of an Elephant: A Topos Theory Compendium},
	Volume = {1},
	Year = {2002}}

@article{dubut16c,
	Author = {J\'er\'emy Dubut and Eric Goubault and Jean Goubault-Larrecq},
	Date-Added = {2017-03-27 11:58:40 +0000},
	Date-Modified = {2017-03-27 12:06:00 +0000},
	Journal = {Applied Categorical Structures},
	Pages = {1-33},
	Title = {Directed homology theories and {E}ilenberg-{S}teenrod axioms},
	Year = {2016}}

@inproceedings{dubut15,
	Author = {J\'er\'emy Dubut and Eric Goubault and Jean Goubault-Larrecq},
	Booktitle = {{P}roceedings of the 42nd {I}nternational {C}olloquium on {A}utomata, {L}anguages and {P}rogramming ({ICALP}'15)~-- {P}art~{II}},
	Date-Added = {2017-03-27 11:57:10 +0000},
	Date-Modified = {2017-03-27 11:58:37 +0000},
	Month = {July},
	Pages = {171-183},
	Publisher = {Springer},
	Series = {Lecture Notes in Computer Scienc},
	Title = {Natural Homology},
	Volume = {9135},
	Year = {2015}}

@unpublished{aguado12,
	Author = {Alex Aguado},
	Date-Added = {2017-03-27 11:15:33 +0000},
	Date-Modified = {2017-03-27 11:17:01 +0000},
	Month = {July},
	Note = {arXiv:1206.1277v2},
	Title = {A Short Note on Mapping Cylinders},
	Year = {2012}}

@article{gaucher03,
	Author = {Philippe Gaucher},
	Date-Added = {2017-03-27 10:21:44 +0000},
	Date-Modified = {2017-03-27 10:22:52 +0000},
	Journal = {Homology, Homotopy and Applications},
	Number = {1},
	Pages = {549-599},
	Title = {A model category for the homotopy theory of concurrency},
	Volume = {5},
	Year = {2003}}

@inproceedings{dubut16b,
	Author = {J\'er\'emy Dubut and Eric Goubault and Jean Goubault-Larrecq},
	Booktitle = {{P}roceedings of the 25th {A}nnual {EACSL} {C}onference on {C}omputer {S}cience {L}ogic ({CSL}'16)},
	Date-Added = {2017-03-27 10:16:49 +0000},
	Date-Modified = {2017-03-27 10:19:10 +0000},
	Month = {September},
	Pages = {1-16},
	Publisher = {Leibniz-Zentrum f{\"u}r Informatik},
	Series = {Leibniz International Proceedings in Informatics},
	Title = {The Directed Homotopy Hypothesis},
	Volume = {62},
	Year = {2016}}

@unpublished{porter15,
	Author = {Timothy Porter},
	Date-Added = {2017-03-27 10:01:04 +0000},
	Date-Modified = {2017-03-27 10:04:24 +0000},
	Month = {June},
	Note = {Presented at Homotopy in Concurrency and Rewriting, available from \url{www.lix.polytechnique. fr/Labo/Samuel.Mimram/docs/hcr/porter.pdf}},
	Title = {Steps towards a `directed homotopy hypothesis'. $(\infty,1)$-categories, directed spaces and perhaps rewriting},
	Year = {2015}}

@article{porter08,
	Author = {Timothy Porter},
	Date-Added = {2017-03-27 09:59:15 +0000},
	Date-Modified = {2017-03-27 10:01:00 +0000},
	Journal = {Theoretical Computer Science},
	Month = {October},
	Number = {1-2},
	Pages = {88-100},
	Title = {Enriched categories and models for spaces of evolving states},
	Volume = {405},
	Year = {2008}}

@unpublished{joyal08,
	Author = {Andr\'e Joyal},
	Date-Added = {2017-03-27 09:52:12 +0000},
	Date-Modified = {2017-03-27 09:54:28 +0000},
	Note = {Lecture notes},
	Title = {The {T}heory of {Q}uasi-{C}ategories and its {A}pplications},
	Year = {2008}}

@article{bergner04,
	Author = {Julia E. Bergner},
	Date-Added = {2017-03-27 09:38:48 +0000},
	Date-Modified = {2017-03-27 09:40:17 +0000},
	Journal = {Transactions of the American Mathematical Society},
	Title = {A model category structure on the category of simplicial categories},
	Year = {2004}}

@article{strom72,
	Author = {Arne Str{\o}m},
	Date-Added = {2017-03-27 08:02:04 +0000},
	Date-Modified = {2017-03-27 08:05:18 +0000},
	Journal = {Archiv der Mathematik},
	Title = {The homotopy category is a homotopy category},
	Volume = {23},
	Year = {1972}}

@book{quillen67,
	Author = {Daniel G. Quillen},
	Date-Added = {2017-03-27 07:43:29 +0000},
	Date-Modified = {2017-03-27 07:45:10 +0000},
	Publisher = {Springer Berlin Heidelberg},
	Series = {Lecture Notes in Mathematics},
	Title = {Homotopical {A}lgebra},
	Volume = {43},
	Year = {1967}}

@unpublished{grothendieck83,
	Author = {Alexander Grothendieck},
	Date-Added = {2017-03-27 07:39:11 +0000},
	Date-Modified = {2017-03-27 07:41:02 +0000},
	Note = {Manuscript},
	Title = {Pursuing {S}tacks},
	Year = {1983}}

@book{borceux94,
	Author = {Francis Borceux},
	Date-Added = {2017-03-25 15:15:46 +0000},
	Date-Modified = {2017-03-25 15:17:07 +0000},
	Publisher = {Cambridge University Press},
	Title = {Handbook of {C}ategorical {A}lgebra 1: {B}asic {C}ategory {T}heory},
	Year = {1994}}

@techreport{dijkstra65,
	Author = {Edsger W. Dijkstra},
	Date-Added = {2017-03-24 12:03:35 +0000},
	Date-Modified = {2017-03-24 12:10:49 +0000},
	Institution = {University of Texas},
	Title = {Cooperating sequential processes, Technical Report EWD-123},
	Year = {1965}}

@inproceedings{afek90,
	Author = {Yehuda Afek and Hagit Attiya and Danny Dolev and Eli Gafni and Michael Merritt and Nir Shavit},
	Booktitle = {Proceedings of the 9th annual {ACM} symposium on {P}rinciples of distributed computing {PODC}, Journal of the {ACM}},
	Date-Added = {2017-03-24 11:49:15 +0000},
	Date-Modified = {2017-03-24 12:13:57 +0000},
	Month = {January},
	Pages = {873-890},
	Publisher = {{ACM} {N}ew {Y}ork},
	Title = {Atomic {S}napshots of {S}hared {M}emory},
	Volume = {40},
	Year = {1990}}

@book{nielsen95,
	Author = {Mogens Nielsen and Glynn Winskel},
	Date-Added = {2017-03-24 10:11:39 +0000},
	Date-Modified = {2017-03-24 10:14:01 +0000},
	Publisher = {Oxford {U}niversity {P}ress},
	Series = {Handbook of logic in computer science},
	Title = {Models for concurrency},
	Volume = {4},
	Year = {1995}}

@inproceedings{goubault12,
	Author = {Eric Goubault and Samuel Mimram},
	Booktitle = {Proceedings of the workshop on {G}eometric and {T}opological {M}ethods in {C}omputer {S}cience ({GETCO})},
	Date-Added = {2017-03-24 10:05:00 +0000},
	Date-Modified = {2017-03-24 10:08:40 +0000},
	Organization = {Electronic {N}otes in {T}heoretical {C}omputer {S}cience},
	Pages = {77-109},
	Title = {Formal {R}elationships {B}etween {G}eometrical and {C}lassical {M}odels for {C}oncurrency},
	Volume = {283},
	Year = {2012}}

@inproceedings{fahrenberg14,
	Author = {Ulrich Fahrenberg and Axel Legay},
	Booktitle = {Proceedings of the 29th {C}onference on the {M}athematical {F}oundations of {P}rogramming {S}emantics, {MFPS XXIX}},
	Date-Added = {2017-03-24 09:53:49 +0000},
	Date-Modified = {2017-03-24 09:57:23 +0000},
	Pages = {165-178},
	Series = {Electronic {N}otes in {T}heoretical {C}omputer {S}cience},
	Title = {History-{P}reserving {B}isimilarity for {H}igher-{D}imensional {A}utomata via {O}pen {M}aps},
	Volume = {298},
	Year = {2013}}

@unpublished{vanglabbeek91,
	Author = {Robert J. van Glabbeek},
	Date-Added = {2017-03-23 17:06:10 +0000},
	Date-Modified = {2017-04-11 13:24:33 +0000},
	Month = {June},
	Note = {Email message, \url{http://theory.stanford.edu/~rvg/hda}},
	Title = {Bisimulations for higher dimensional automata},
	Year = {1991}}

@article{vanglabbeek05,
	Author = {Robert J. van Glabbeek},
	Date-Added = {2017-03-23 17:01:18 +0000},
	Date-Modified = {2017-04-11 13:24:54 +0000},
	Journal = {Electronic Notes in Theoretical Computer Science},
	Month = {April},
	Number = {2},
	Pages = {5-34},
	Title = {On the {E}xpresiveness of {H}igher {D}imensional {A}utomata: ({E}xtended {A}bstract)},
	Volume = {128},
	Year = {2005}}

@inproceedings{pratt91,
	Author = {Vaughn Pratt},
	Booktitle = {Proceedings of the 18th {ACM SIGPLAN-SIGACT} symposium on {P}rinciples of programming languages ({POPL})},
	Date-Added = {2017-03-23 16:54:26 +0000},
	Date-Modified = {2017-03-23 16:56:10 +0000},
	Month = {January},
	Pages = {311-322},
	Title = {Modeling concurrency with geometry},
	Year = {1991}}

@article{rabinovitch88,
	Author = {Alexander Rabinovitch and Boris Trakhtenbrot},
	Date-Added = {2017-03-23 16:47:13 +0000},
	Date-Modified = {2017-03-23 16:49:31 +0000},
	Journal = {Fundamenta Informaticae},
	Month = {December},
	Number = {4},
	Pages = {357-403},
	Title = {Behavior structures and nets},
	Volume = {11},
	Year = {1988}}

@inproceedings{dubut16,
	Author = {J\'er\'emy Dubut and Eric Goubault and Jean Goubault-Larrecq},
	Booktitle = {Proceedings of the 27th {I}nternational {C}onference on {C}oncurrency {T}heory ({CONCUR} 2016)},
	Date-Added = {2017-03-23 13:22:44 +0000},
	Date-Modified = {2017-03-23 13:26:41 +0000},
	Pages = {1-14},
	Publisher = {Schloss {D}agstuhl--{L}eibniz-{Z}entrum fuer {I}nformatik},
	Series = {Leibniz {I}nternational {P}roceedings in {I}nformatics ({LIPI}cs)},
	Title = {Bisimulations and {U}nfolding in {P}-{A}ccessible {C}ategorical {M}odels},
	Volume = {59},
	Year = {2016}}

@book{jacobs16,
	Author = {Bart Jacobs},
	Date-Added = {2017-03-23 13:15:47 +0000},
	Date-Modified = {2017-04-11 13:24:07 +0000},
	Month = {October},
	Publisher = {Cambridge University Press},
	Series = {Cambridge {T}racts in {T}heoretical {C}omputer {S}cience},
	Title = {Introduction to {C}oalgebra: {T}owards {M}athematics of {S}tates and {O}bservation},
	Year = {2016}}

@article{joyal96,
	Author = {Andr\'e Joyal and Mogens Nielsen and Glynn Winskel},
	Date-Added = {2017-03-23 13:12:26 +0000},
	Date-Modified = {2017-03-23 13:13:45 +0000},
	Journal = {Information and {C}omputation},
	Month = {June},
	Number = {2},
	Pages = {164-185},
	Title = {Bisimulation from open maps},
	Volume = {127},
	Year = {1996}}

@inproceedings{hennessy80,
	Author = {Matthew Hennessy and Robin Milner},
	Booktitle = {Proceedings of the 7th {C}olloquium on {A}utomata, {L}anguages and {P}rogramming},
	Date-Added = {2017-03-23 13:03:42 +0000},
	Date-Modified = {2017-03-23 13:06:24 +0000},
	Pages = {299-309},
	Publisher = {Springer Berlin Heidelberg},
	Title = {On {O}bserving {N}ondeterminism and {C}oncurrency},
	Year = {1980}}

@inproceedings{stirling96,
	Author = {Colin Stirling},
	Booktitle = {Logics for Concurrency. Lecture Notes in Computer Science.},
	Date-Added = {2017-03-23 12:59:38 +0000},
	Date-Modified = {2017-03-23 13:01:49 +0000},
	Pages = {149-237},
	Publisher = {Springer Berlin Heidelberg},
	Title = {Modal and temporal logics for processes},
	Volume = {1043},
	Year = {1996}}

@inproceedings{mazurkiewicz89,
	Author = {Antoni Mazurkiewicz},
	Booktitle = {Linear {T}ime, {B}ranching {T}ime and {P}artial {O}rder in {L}ogics and {M}odels for {C}oncurrency. {REX} 1988. Lecture Notes in {C}omputer {S}cience},
	Date-Added = {2017-03-23 09:33:08 +0000},
	Date-Modified = {2017-03-23 09:41:53 +0000},
	Pages = {285-363},
	Publisher = {Springer, Berlin, Heidelberg},
	Title = {Basic notions of trace theory},
	Volume = {354},
	Year = {1989}}

@inproceedings{nielsen94,
	Author = {Mogens Nielsen and Valdimiro Sassone and Glynn Winskel},
	Booktitle = {A Decade of Concurrency Reflections and Perspectives: REX School/Symposium Noordwijkerhout, The Netherlands June 1--4, 1993 Proceedings},
	Date-Added = {2017-03-23 08:45:12 +0000},
	Date-Modified = {2017-03-23 08:51:35 +0000},
	Pages = {425-476},
	Publisher = {Springer Berlin Heidelberg},
	Title = {Relationships {B}etween {M}odels of {C}oncurrency},
	Year = {1994}}

@phdthesis{bednarczyk87,
	Author = {Marek A. Bednarczyk},
	Date-Added = {2017-03-23 08:40:39 +0000},
	Date-Modified = {2017-03-23 08:43:26 +0000},
	School = {University of Sussex},
	Title = {Categories of asynchronous systems},
	Type = {PhD thesis},
	Year = {1987}}

@article{shields85,
	Author = {Michael W. Shields},
	Date-Added = {2017-03-23 08:35:18 +0000},
	Date-Modified = {2017-03-23 08:39:50 +0000},
	Journal = {Computer {J}ournal},
	Month = {January},
	Number = {5},
	Pages = {449-465},
	Title = {Concurrent {M}achines},
	Volume = {28},
	Year = {1985}}

@article{fajstrup05,
	Author = {Lisbeth Fajstrup},
	Date-Added = {2017-03-21 13:11:07 +0000},
	Date-Modified = {2017-03-21 13:12:07 +0000},
	Journal = {Adances in {A}pplied {M}athematics},
	Month = {August},
	Number = {2},
	Pages = {188-206},
	Title = {Dipaths and dihomotopies in a cubical complex},
	Volume = {35},
	Year = {2005}}

@article{kaczynskil03,
	Author = {Tomasz Kaczynskil and Konstantin Mischaikow and Marian Mrozek},
	Date-Added = {2017-03-21 12:59:49 +0000},
	Date-Modified = {2017-03-21 13:01:21 +0000},
	Journal = {Homology, Homotopy and Applications},
	Number = {2},
	Pages = {233-256},
	Title = {Computing homology},
	Volume = {5},
	Year = {2003}}

@unpublished{grandis91b,
	Author = {Marco Grandis},
	Date-Added = {2017-03-16 16:35:57 +0000},
	Date-Modified = {2017-03-16 16:40:35 +0000},
	Note = {Preprint 187, {D}ipartimento di {M}atematica {U}niversit\`a degli {S}tudi di {G}enova},
	Title = {General homological algebra, {II}. {H}omology and satellites},
	Year = {1991}}

@unpublished{grandis91,
	Author = {Marco Grandis},
	Date-Added = {2017-03-16 16:33:51 +0000},
	Date-Modified = {2017-03-16 16:40:02 +0000},
	Note = {Preprint 186, {D}ipartimento di {M}atematica {U}niversit\`a degli {S}tudi di {G}enova},
	Title = {General homological algebra, {I}. {S}emiexact and homological categories},
	Year = {1991}}

@book{maclane78,
	Author = {Saunders {{Mac Lane}}},
	Date-Added = {2017-03-16 13:12:02 +0000},
	Date-Modified = {2017-03-16 13:29:39 +0000},
	Publisher = {Springer},
	Series = {Graduate {T}exts in {M}athematics},
	Title = {Categories for the {W}orking {M}athematician},
	Volume = {5},
	Year = {1978}}

@article{baues85,
	Author = {Hans-Joachim Baues and G\"unther Wirsching},
	Date-Added = {2017-03-15 17:56:55 +0000},
	Date-Modified = {2017-03-15 17:59:04 +0000},
	Journal = {Journal of {P}ure and {A}pplied {A}lgebra},
	Month = {November},
	Number = {2-3},
	Pages = {187-211},
	Title = {Cohomology of small categories},
	Volume = {38},
	Year = {1985}}

@article{mitchell72,
	Author = {Barry Mitchell},
	Date-Added = {2017-03-15 17:10:14 +0000},
	Date-Modified = {2017-03-15 17:11:21 +0000},
	Journal = {Advances in {M}athematics},
	Month = {February},
	Number = {1},
	Pages = {1-161},
	Title = {Rings with several objects},
	Volume = {8},
	Year = {1972}}

@article{raussen07,
	Author = {Martin Raussen},
	Date-Added = {2017-03-15 15:04:59 +0000},
	Date-Modified = {2017-03-15 15:06:09 +0000},
	Journal = {Applied Categorical Structures},
	Month = {August},
	Number = {4},
	Pages = {355-386},
	Title = {Invariants of {D}irected {S}paces},
	Volume = {15},
	Year = {2007}}

@unpublished{ghrist16,
	Author = {Robert Ghrist and Sanjeevi Krishnan},
	Date-Added = {2017-03-15 13:46:23 +0000},
	Date-Modified = {2017-03-15 13:47:52 +0000},
	Month = {May},
	Note = {arXiv:1507.04741},
	Title = {Positive {A}lexander {D}uality for {P}ursuit and {E}vasion},
	Year = {2016}}

@article{patchkoria06,
	Author = {Alex Patchkoria},
	Date-Added = {2017-03-15 13:41:00 +0000},
	Date-Modified = {2017-03-15 13:42:33 +0000},
	Journal = {Journal of {H}omotopy and {R}elated {s}tructures},
	Month = {October},
	Number = {1},
	Pages = {229-243},
	Title = {On exactness of long exact sequences of homology semimodules},
	Volume = {1},
	Year = {2006}}

@article{kahl14,
	Author = {Thomas Kahl},
	Date-Added = {2017-03-15 13:38:14 +0000},
	Date-Modified = {2017-03-15 13:39:09 +0000},
	Journal = {Homology, Homotopy and Applications},
	Number = {1},
	Pages = {119-138},
	Title = {The homology graph of a precubical set},
	Volume = {16},
	Year = {2014}}

@article{grandis04,
	Author = {Marco Grandis},
	Date-Added = {2017-03-15 13:34:04 +0000},
	Date-Modified = {2017-03-15 13:35:16 +0000},
	Journal = {Homology, Homotopy and Applications},
	Number = {1},
	Pages = {413-437},
	Title = {Inequilogical spaces, directed homology and noncommutative geometry},
	Volume = {6},
	Year = {2004}}

@phdthesis{goubault95,
	Author = {Eric Goubault},
	Date-Added = {2017-03-15 13:31:12 +0000},
	Date-Modified = {2017-03-15 13:32:51 +0000},
	School = {Ecole {P}olytechnique},
	Title = {G\'eom\'etrie du parall\'elisme},
	Type = {PhD thesis},
	Year = {1995}}

@book{munkres30,
	Author = {James R. Munkres},
	Date-Added = {2017-03-15 13:00:10 +0000},
	Date-Modified = {2017-03-15 13:01:41 +0000},
	Publisher = {Addison-{W}esley {P}ublishing {C}ompany},
	Title = {Elements od {A}lgebraic {T}opology},
	Year = {1930}}

@article{eilenberg45,
	Author = {Samuel Eilenberg and Norman E. Steenrod},
	Date-Added = {2017-03-15 09:33:09 +0000},
	Date-Modified = {2017-03-15 09:35:10 +0000},
	Journal = {Proceedings of the {N}ational {A}cademy of {S}cience of the {U}nited {S}tates of {A}merica},
	Month = {April},
	Number = {4},
	Pages = {117-120},
	Title = {Axiomatic {A}pproach to {H}omology {T}heory},
	Volume = {31},
	Year = {1945}}

@book{spanier66,
	Author = {Edwin H. Spanier},
	Date-Added = {2017-03-15 09:30:30 +0000},
	Date-Modified = {2017-03-15 09:31:20 +0000},
	Publisher = {Springer},
	Title = {Algebraic Topology},
	Year = {1966}}

@article{bednarczyk99,
	Author = {Marek A. Bednarczyk and Andrzej M. Borzyszkowski and Wieslaw Pawlowski},
	Date-Added = {2017-03-14 12:42:45 +0000},
	Date-Modified = {2017-03-14 12:45:22 +0000},
	Journal = {Theory and {A}pplications of {C}ategories},
	Month = {December},
	Number = {11},
	Pages = {266-280},
	Title = {Generalized {C}ongruences - {E}pimorphisms in {C}at},
	Volume = {5},
	Year = {1999}}

@article{goubault07,
	Author = {Eric Goubault and Emmanuel Haucourt},
	Date-Added = {2017-03-14 12:34:51 +0000},
	Date-Modified = {2017-03-14 12:36:04 +0000},
	Journal = {Applied Categorical Structures},
	Month = {August},
	Number = {4},
	Pages = {387-414},
	Title = {Components of the {F}undamental {C}ategory {II}},
	Volume = {15},
	Year = {2007}}

@book{gabriel67,
	Author = {Peter Gabriel and Michel Zisman},
	Date-Added = {2017-03-14 12:19:11 +0000},
	Date-Modified = {2017-03-14 12:38:22 +0000},
	Publisher = {Springer},
	Series = {Ergebnisse der {M}athematik und ihrer {G}renzgebiete},
	Title = {Calculus of {F}ractions and {H}omotopy {T}heory},
	Volume = {35},
	Year = {1967}}

@book{hatcher02,
	Author = {Allen Hatcher},
	Date-Added = {2017-03-13 15:41:14 +0000},
	Date-Modified = {2017-03-13 15:42:25 +0000},
	Month = {February},
	Publisher = {Cambridge University Press},
	Title = {Algebraic Topology},
	Year = {2002}}

@inproceedings{fajstrup12,
	Address = {Tallinn, Estonia},
	Author = {Lisbeth Fajstrup and Eric Goubault and Emmanuel Haucourt and Samuel Mimram and Martin Raussen},
	Booktitle = {Proceedings of the 21st {E}uropean {S}ymposium on {P}rogramming ({ESOP})},
	Date-Added = {2017-03-13 14:22:51 +0000},
	Date-Modified = {2017-03-13 14:30:39 +0000},
	Month = {March},
	Pages = {274-294},
	Publisher = {Springer},
	Series = {Lecture Notes in Computer Science},
	Title = {Trace {S}paces: {A}n {E}fficient {N}ew {T}echnique for {S}tate-{S}pace {R}eduction},
	Volume = {7211},
	Year = {2012}}

@article{raussen12b,
	Author = {Martin Raussen},
	Date-Added = {2017-03-13 14:14:52 +0000},
	Date-Modified = {2017-03-13 14:18:26 +0000},
	Journal = {Algebraic \& {G}eometric {T}opology},
	Number = {3},
	Pages = {1745-1765},
	Title = {Simplicial models for trace spaces {II}: {G}enral higher dimensional automata},
	Volume = {12},
	Year = {2012}}

@article{raussen12a,
	Author = {Martin Raussen},
	Date-Added = {2017-03-13 14:11:53 +0000},
	Date-Modified = {2017-03-13 14:13:13 +0000},
	Journal = {Applicable Algebra in Engineering, Communication and Computing},
	Month = {April},
	Number = {1},
	Pages = {59-84},
	Title = {Execution spaces for simple higher dimensional automata},
	Volume = {23},
	Year = {2012}}

@article{raussen10,
	Author = {Martin Raussen},
	Date-Added = {2017-03-13 14:07:49 +0000},
	Date-Modified = {2017-03-13 14:09:06 +0000},
	Journal = {Algebraic \& {G}eometric {T}opology},
	Month = {August},
	Number = {3},
	Pages = {1683-1714},
	Title = {Simplicial models of trace spaces},
	Volume = {10},
	Year = {2010}}

@article{raussen09,
	Author = {Martin Raussen},
	Date-Added = {2017-03-13 14:04:27 +0000},
	Date-Modified = {2017-03-13 14:05:27 +0000},
	Journal = {Topology and its Applications},
	Month = {May},
	Number = {9},
	Pages = {1718-1728},
	Title = {Trace spaces in a pre-cubical complex},
	Volume = {156},
	Year = {2009}}

@article{fahrenberg07,
	Author = {Ulrich Fahrenberg and Martin Raussen},
	Date-Added = {2017-03-13 13:57:46 +0000},
	Date-Modified = {2017-03-13 13:59:20 +0000},
	Journal = {Journal of {H}omotopy and {R}elated {s}tructures},
	Number = {2},
	Pages = {93-117},
	Title = {Reparametrizations of continuous paths},
	Volume = {2},
	Year = {2007}}

@book{brown06,
	Author = {Ronald Brown},
	Date-Added = {2017-03-13 13:49:18 +0000},
	Date-Modified = {2017-03-13 13:51:09 +0000},
	Publisher = {Booksurge LLC, S.Carolina},
	Title = {Topology and {G}roupoids},
	Year = {2006}}

@inproceedings{fahrenberg03,
	Address = {Marseilles, France},
	Author = {Ulrich Fahrenberg},
	Booktitle = {{P}roceedings of the 5th {W}orkshop on {G}eometric and {T}opological {M}ethods in {C}oncurrency ({GETCO})},
	Date-Added = {2017-03-13 13:39:09 +0000},
	Date-Modified = {2017-03-13 13:43:51 +0000},
	Month = {September},
	Title = {Directed {H}omology},
	Year = {2003}}

@unpublished{goubault16,
	Author = {Eric Goubault and Samuel Mimram},
	Date-Added = {2017-03-13 13:33:48 +0000},
	Date-Modified = {2017-03-14 12:41:03 +0000},
	Note = {Submitted},
	Title = {Directed {H}omotopy in {N}on-{P}ositively {C}urved {S}paces},
	Year = {2016}}

@book{fajstrup16,
	Author = {Lisbeth Fajstrup and Eric Goubault and Emmanuel Haucourt and Samuel Mimram and Martin Raussen},
	Date-Added = {2017-03-13 13:13:45 +0000},
	Date-Modified = {2017-03-13 13:17:01 +0000},
	Publisher = {Springer},
	Title = {Directed {A}lgebraic {T}opology and {C}oncurrency},
	Year = {2016}}

@article{ziemianski12,
	Author = {Krzysztof Ziemia\'nski},
	Date-Added = {2017-03-13 12:28:23 +0000},
	Date-Modified = {2017-03-13 12:30:02 +0000},
	Journal = {Topology and its Applications},
	Month = {May},
	Number = {8},
	Pages = {2127-2145},
	Title = {A cubical model for path spaces in d-simplicial complexes},
	Volume = {159},
	Year = {2012}}

@book{grandis09,
	Author = {Marco Grandis},
	Date-Added = {2017-03-13 12:20:11 +0000},
	Date-Modified = {2017-03-13 12:33:22 +0000},
	Publisher = {Cambridge University Press},
	Series = {New Mathematical Monographs},
	Title = {Directed {A}lgebraic {T}opology: {M}odels of {N}on-{R}eversible {W}orlds},
	Volume = {13},
	Year = {2009}}

@unpublished{grandis01,
	Author = {Marco Grandis},
	Date-Added = {2017-03-13 12:12:57 +0000},
	Date-Modified = {2017-03-13 12:31:21 +0000},
	Month = {November},
	Note = {arXiv:math/0111048v2},
	Title = {Directed homotopy theory, {I}. The fundamental category},
	Year = {2001}}

@article{goubault14,
	Author = {Jean Goubault-Larrecq},
	Date-Added = {2017-03-13 12:07:23 +0000},
	Date-Modified = {2017-03-13 12:08:37 +0000},
	Journal = {Applied Categorical Structures},
	Month = {June},
	Number = {3},
	Pages = {515-549},
	Title = {Exponentiable streams and prestreams},
	Volume = {22},
	Year = {2014}}

@article{haucourt12,
	Author = {Emmanuel Haucourt},
	Date-Added = {2017-03-13 11:04:48 +0000},
	Date-Modified = {2017-03-13 11:06:24 +0000},
	Journal = {Electronic Notes in Theoretical Computer Science},
	Month = {June},
	Pages = {111-151},
	Title = {Streams, d-Spaces and Their Fundamental Categories},
	Volume = {283},
	Year = {2012}}

@article{krishnan09,
	Author = {Sanjeevi Krishnan},
	Date-Added = {2017-03-13 10:59:23 +0000},
	Date-Modified = {2017-03-13 12:32:17 +0000},
	Journal = {Applied Categorical Structures},
	Month = {October},
	Number = {5},
	Pages = {445-466},
	Title = {A {C}onvenient {C}ategory of {L}ocally {P}reordered {S}paces},
	Volume = {17},
	Year = {2009}}

@article{fajstrup03,
	Author = {Lisbeth Fajstrup},
	Date-Added = {2017-03-13 10:11:11 +0000},
	Date-Modified = {2017-03-13 12:32:56 +0000},
	Journal = {Homology, Homotopy and Applications},
	Number = {2},
	Pages = {1-17},
	Title = {Dicovering {S}paces},
	Volume = {5},
	Year = {2003}}

@book{nachbin65,
	Author = {Leopoldo Nachbin},
	Date-Added = {2017-03-10 15:43:34 +0000},
	Date-Modified = {2017-03-10 15:45:24 +0000},
	Publisher = {Robert E. Krieger Publishing Company},
	Series = {Van Nostrand mathematical studies},
	Title = {Topology and order},
	Volume = {4},
	Year = {1965}}

@book{adamek04,
	Author = {Ji\v{r}\'{i} Ad\'{a}mek and Horst Herrlich and George E. Strecker},
	Date-Added = {2017-03-10 15:27:38 +0000},
	Date-Modified = {2017-03-13 12:32:48 +0000},
	Publisher = {Dover Publication},
	Title = {Abstract and {C}oncrete {C}ategories: {T}he {J}oy of {C}ats},
	Year = {2004}}
